@article{yao2005functional,
  title={Functional data analysis for sparse longitudinal data},
  author={Yao, Fang and M{\"u}ller, Hans-Georg and Wang, Jane-Ling},
  journal={Journal of the American Statistical Association},
  volume={100},
  number={470},
  pages={577--590},
  year={2005},
  publisher={Taylor \& Francis}
}
@article{mclean2015restricted,
  title={Restricted likelihood ratio tests for linearity in scalar-on-function regression},
  author={McLean, Mathew W and Hooker, Giles and Ruppert, David},
  journal={Statistics and Computing},
  volume={25},
  number={5},
  pages={997--1008},
  year={2015},
  publisher={Springer}
}

@article{lindquist2012functional,
  title={Functional causal mediation analysis with an application to brain connectivity},
  author={Lindquist, Martin A},
  journal={Journal of the American Statistical Association},
  volume={107},
  number={500},
  pages={1297--1309},
  year={2012},
  publisher={Taylor \& Francis}
}

@article{xiao2016fast,
  title={Fast covariance estimation for high-dimensional functional data},
  author={Xiao, Luo and Zipunnikov, Vadim and Ruppert, David and Crainiceanu, Ciprian},
  journal={Statistics and computing},
  volume={26},
  number={1-2},
  pages={409--421},
  year={2016},
  publisher={Springer}
}

@article{xiao2018fast,
  title={Fast covariance estimation for sparse functional data},
  author={Xiao, Luo and Li, Cai and Checkley, William and Crainiceanu, Ciprian},
  journal={Statistics and computing},
  volume={28},
  number={3},
  pages={511--522},
  year={2018},
  publisher={Springer}
}

@article{sobel2014causal,
  title={Causal inference for fmri time series data with systematic errors of measurement in a balanced on/off study of social evaluative threat},
  author={Sobel, Michael E and Lindquist, Martin A},
  journal={Journal of the American Statistical Association},
  volume={109},
  number={507},
  pages={967--976},
  year={2014},
  publisher={Taylor \& Francis}
}

@article{laird1982random,
  title={Random-effects models for longitudinal data},
  author={Laird, Nan M and Ware, James H},
  journal={Biometrics},
  pages={963--974},
  year={1982},
  publisher={JSTOR}
}
@article{crainiceanu2004likelihood,
  title={Likelihood ratio tests in linear mixed models with one variance component},
  author={Crainiceanu, Ciprian M and Ruppert, David},
  journal={Journal of the Royal Statistical Society: Series B (Statistical Methodology)},
  volume={66},
  number={1},
  pages={165--185},
  year={2004},
  publisher={Wiley Online Library}
}

@article{wang2016functional,
  title={Functional data analysis},
  author={Wang, Jane-Ling and Chiou, Jeng-Min and M{\"u}ller, Hans-Georg},
  journal={Annual Review of Statistics and Its Application},
  volume={3},
  pages={257--295},
  year={2016},
  publisher={Annual Reviews}
}

@article{wager2008prefrontal,
  title={Prefrontal-subcortical pathways mediating successful emotion regulation},
  author={Wager, Tor D and Davidson, Matthew L and Hughes, Brent L and Lindquist, Martin A and Ochsner, Kevin N},
  journal={Neuron},
  volume={59},
  number={6},
  pages={1037--1050},
  year={2008},
  publisher={Elsevier}
}

@article{lindquist2008statistical,
  title={The statistical analysis of fMRI data},
  author={Lindquist, Martin A and others},
  journal={Statistical science},
  volume={23},
  number={4},
  pages={439--464},
  year={2008},
  publisher={Institute of Mathematical Statistics}
}

@article{cohen2017computational,
  title={Computational approaches to fMRI analysis},
  author={Cohen, Jonathan D and Daw, Nathaniel and Engelhardt, Barbara and Hasson, Uri and Li, Kai and Niv, Yael and Norman, Kenneth A and Pillow, Jonathan and Ramadge, Peter J and Turk-Browne, Nicholas B and others},
  journal={Nature neuroscience},
  volume={20},
  number={3},
  pages={304},
  year={2017},
  publisher={Nature Publishing Group}
}

@article{goldsmith2015generalized,
  title={Generalized multilevel function-on-scalar regression and principal component analysis},
  author={Goldsmith, Jeff and Zipunnikov, Vadim and Schrack, Jennifer},
  journal={Biometrics},
  volume={71},
  number={2},
  pages={344--353},
  year={2015},
  publisher={Wiley Online Library}
}

@article{ramsay2005functional,
  title={Functional data analysis},
  author={Ramsay, James},
  journal={Encyclopedia of Statistics in Behavioral Science},
  year={2005},
  publisher={Wiley Online Library}
}

@book{ramsay2007applied,
  title={Applied functional data analysis: methods and case studies},
  author={Ramsay, James O and Silverman, Bernard W},
  year={2007},
  publisher={Springer}
}
@book{ramsay2006functional,
  title={Functional data analysis},
  author={Ramsay, James O},
  year={2006},
  publisher={Wiley Online Library}
}
@article{di2009multilevel,
  title={Multilevel functional principal component analysis},
  author={Di, Chong-Zhi and Crainiceanu, Ciprian M and Caffo, Brian S and Punjabi, Naresh M},
  journal={The annals of applied statistics},
  volume={3},
  number={1},
  pages={458},
  year={2009},
  publisher={NIH Public Access}
}

@article{wang2016functional,
  title={Functional data analysis},
  author={Wang, Jane-Ling and Chiou, Jeng-Min and M{\"u}ller, Hans-Georg},
  journal={Annual Review of Statistics and Its Application},
  volume={3},
  pages={257--295},
  year={2016},
  publisher={Annual Reviews}
}
@article{crainiceanu2009generalized,
  title={Generalized multilevel functional regression},
  author={Crainiceanu, Ciprian M and Staicu, Ana-Maria and Di, Chong-Zhi},
  journal={Journal of the American Statistical Association},
  volume={104},
  number={488},
  pages={1550--1561},
  year={2009},
  publisher={Taylor \& Francis}
}
@article{huang2014joint,
  title={Joint modeling and clustering paired generalized longitudinal trajectories with application to cocaine abuse treatment data},
  author={Huang, Hui and Li, Yehua and Guan, Yongtao},
  journal={Journal of the American Statistical Association},
  volume={109},
  number={508},
  pages={1412--1424},
  year={2014},
  publisher={Taylor \& Francis}
}
@article{xiao2016movement,
  title={Movement prediction using accelerometers in a human population},
  author={Xiao, Luo and He, Bing and Koster, Annemarie and Caserotti, Paolo and Lange-Maia, Brittney and Glynn, Nancy W and Harris, Tamara B and Crainiceanu, Ciprian M},
  journal={Biometrics},
  volume={72},
  number={2},
  pages={513--524},
  year={2016},
  publisher={Wiley Online Library}
}
@article{xiao2014quantifying,
  title={Quantifying the lifetime circadian rhythm of physical activity: a covariate-dependent functional approach},
  author={Xiao, Luo and Huang, Lei and Schrack, Jennifer A and Ferrucci, Luigi and Zipunnikov, Vadim and Crainiceanu, Ciprian M},
  journal={Biostatistics},
  volume={16},
  number={2},
  pages={352--367},
  year={2014},
  publisher={Oxford University Press}
}

@article{hall2008modelling,
  title={Modelling sparse generalized longitudinal observations with latent Gaussian processes},
  author={Hall, Peter and M{\"u}ller, Hans-Georg and Yao, Fang},
  journal={Journal of the Royal Statistical Society: Series B (Statistical Methodology)},
  volume={70},
  number={4},
  pages={703--723},
  year={2008},
  publisher={Wiley Online Library}
}

@article{huang2017two,
  title={Two-way principal component analysis for matrix-variate data, with an application to functional magnetic resonance imaging data},
  author={Huang, Lei and Reiss, Philip T and Xiao, Luo and Zipunnikov, Vadim and Lindquist, Martin A and Crainiceanu, Ciprian M},
  journal={Biostatistics},
  volume={18},
  number={2},
  pages={214--229},
  year={2017},
  publisher={Oxford University Press}
}

@article{ramsay1991some,
  title={Some tools for functional data analysis},
  author={Ramsay, James O and Dalzell, CJ},
  journal={Journal of the Royal Statistical Society. Series B (Methodological)},
  pages={539--572},
  year={1991},
  publisher={JSTOR}
}
@article{kneip1994nonparametric,
  title={Nonparametric estimation of common regressors for similar curve data},
  author={Kneip, Alois},
  journal={The Annals of Statistics},
  pages={1386--1427},
  year={1994},
  publisher={JSTOR}
}
@article{staniswalis1998nonparametric,
  title={Nonparametric regression analysis of longitudinal data},
  author={Staniswalis, Joan G and Lee, J Jack},
  journal={Journal of the American Statistical Association},
  volume={93},
  number={444},
  pages={1403--1418},
  year={1998},
  publisher={Taylor \& Francis}
}
@article{zipunnikov2011multilevel,
  title={Multilevel functional principal component analysis for high-dimensional data},
  author={Zipunnikov, Vadim and Caffo, Brian and Yousem, David M and Davatzikos, Christos and Schwartz, Brian S and Crainiceanu, Ciprian},
  journal={Journal of Computational and Graphical Statistics},
  volume={20},
  number={4},
  pages={852--873},
  year={2011},
  publisher={Taylor \& Francis}
}

