@article{yao2005functional,
  title={Functional data analysis for sparse longitudinal data},
  author={Yao, Fang and M{\"u}ller, Hans-Georg and Wang, Jane-Ling},
  journal={Journal of the American Statistical Association},
  volume={100},
  number={470},
  pages={577--590},
  year={2005},
  publisher={Taylor \& Francis}
}
@article{mclean2015restricted,
  title={Restricted likelihood ratio tests for linearity in scalar-on-function regression},
  author={McLean, Mathew W and Hooker, Giles and Ruppert, David},
  journal={Statistics and Computing},
  volume={25},
  number={5},
  pages={997--1008},
  year={2015},
  publisher={Springer}
}

@article{lindquist2012functional,
  title={Functional causal mediation analysis with an application to brain connectivity},
  author={Lindquist, Martin A},
  journal={Journal of the American Statistical Association},
  volume={107},
  number={500},
  pages={1297--1309},
  year={2012},
  publisher={Taylor \& Francis}
}

@article{xiao2016fast,
  title={Fast covariance estimation for high-dimensional functional data},
  author={Xiao, Luo and Zipunnikov, Vadim and Ruppert, David and Crainiceanu, Ciprian},
  journal={Statistics and computing},
  volume={26},
  number={1-2},
  pages={409--421},
  year={2016},
  publisher={Springer}
}

@article{xiao2018fast,
  title={Fast covariance estimation for sparse functional data},
  author={Xiao, Luo and Li, Cai and Checkley, William and Crainiceanu, Ciprian},
  journal={Statistics and computing},
  volume={28},
  number={3},
  pages={511--522},
  year={2018},
  publisher={Springer}
}

@article{sobel2014causal,
  title={Causal inference for fmri time series data with systematic errors of measurement in a balanced on/off study of social evaluative threat},
  author={Sobel, Michael E and Lindquist, Martin A},
  journal={Journal of the American Statistical Association},
  volume={109},
  number={507},
  pages={967--976},
  year={2014},
  publisher={Taylor \& Francis}
}

@article{laird1982random,
  title={Random-effects models for longitudinal data},
  author={Laird, Nan M and Ware, James H},
  journal={Biometrics},
  pages={963--974},
  year={1982},
  publisher={JSTOR}
}
@article{crainiceanu2004likelihood,
  title={Likelihood ratio tests in linear mixed models with one variance component},
  author={Crainiceanu, Ciprian M and Ruppert, David},
  journal={Journal of the Royal Statistical Society: Series B (Statistical Methodology)},
  volume={66},
  number={1},
  pages={165--185},
  year={2004},
  publisher={Wiley Online Library}
}

@article{wang2016functional,
  title={Functional data analysis},
  author={Wang, Jane-Ling and Chiou, Jeng-Min and M{\"u}ller, Hans-Georg},
  journal={Annual Review of Statistics and Its Application},
  volume={3},
  pages={257--295},
  year={2016},
  publisher={Annual Reviews}
}

@article{wager2008prefrontal,
  title={Prefrontal-subcortical pathways mediating successful emotion regulation},
  author={Wager, Tor D and Davidson, Matthew L and Hughes, Brent L and Lindquist, Martin A and Ochsner, Kevin N},
  journal={Neuron},
  volume={59},
  number={6},
  pages={1037--1050},
  year={2008},
  publisher={Elsevier}
}

@article{lindquist2008statistical,
  title={The statistical analysis of fMRI data},
  author={Lindquist, Martin A and others},
  journal={Statistical science},
  volume={23},
  number={4},
  pages={439--464},
  year={2008},
  publisher={Institute of Mathematical Statistics}
}

@article{cohen2017computational,
  title={Computational approaches to fMRI analysis},
  author={Cohen, Jonathan D and Daw, Nathaniel and Engelhardt, Barbara and Hasson, Uri and Li, Kai and Niv, Yael and Norman, Kenneth A and Pillow, Jonathan and Ramadge, Peter J and Turk-Browne, Nicholas B and others},
  journal={Nature neuroscience},
  volume={20},
  number={3},
  pages={304},
  year={2017},
  publisher={Nature Publishing Group}
}

@article{goldsmith2015generalized,
  title={Generalized multilevel function-on-scalar regression and principal component analysis},
  author={Goldsmith, Jeff and Zipunnikov, Vadim and Schrack, Jennifer},
  journal={Biometrics},
  volume={71},
  number={2},
  pages={344--353},
  year={2015},
  publisher={Wiley Online Library}
}

@book{ramsay2007applied,
  title={Applied functional data analysis: methods and case studies},
  author={Ramsay, James O and Silverman, Bernard W},
  year={2007},
  publisher={Springer}
}
@book{ramsay2006functional,
  title={Functional data analysis},
  author={Ramsay, James O},
  year={2006},
  publisher={Wiley Online Library}
}
@article{di2009multilevel,
  title={Multilevel functional principal component analysis},
  author={Di, Chong-Zhi and Crainiceanu, Ciprian M and Caffo, Brian S and Punjabi, Naresh M},
  journal={The annals of applied statistics},
  volume={3},
  number={1},
  pages={458},
  year={2009},
  publisher={NIH Public Access}
}


