@article{lindquist2012functional,
  title={Functional causal mediation analysis with an application to brain connectivity},
  author={Lindquist, Martin A},
  journal={Journal of the American Statistical Association},
  volume={107},
  number={500},
  pages={1297--1309},
  year={2012},
  publisher={Taylor \& Francis}
}

@article{xiao2016fast,
  title={Fast covariance estimation for high-dimensional functional data},
  author={Xiao, Luo and Zipunnikov, Vadim and Ruppert, David and Crainiceanu, Ciprian},
  journal={Statistics and computing},
  volume={26},
  number={1-2},
  pages={409--421},
  year={2016},
  publisher={Springer}
}

@article{xiao2018fast,
  title={Fast covariance estimation for sparse functional data},
  author={Xiao, Luo and Li, Cai and Checkley, William and Crainiceanu, Ciprian},
  journal={Statistics and computing},
  volume={28},
  number={3},
  pages={511--522},
  year={2018},
  publisher={Springer}
}

@article{sobel2014causal,
  title={Causal inference for fmri time series data with systematic errors of measurement in a balanced on/off study of social evaluative threat},
  author={Sobel, Michael E and Lindquist, Martin A},
  journal={Journal of the American Statistical Association},
  volume={109},
  number={507},
  pages={967--976},
  year={2014},
  publisher={Taylor \& Francis}
}

@article{laird1982random,
  title={Random-effects models for longitudinal data},
  author={Laird, Nan M and Ware, James H},
  journal={Biometrics},
  pages={963--974},
  year={1982},
  publisher={JSTOR}
}




